%YAML 1.1
%TAG !u! tag:unity3d.com,2011:
--- !u!91 &9100000
AnimatorController:
  m_ObjectHideFlags: 0
  m_PrefabParentObject: {fileID: 0}
  m_PrefabInternal: {fileID: 0}
  m_Name: Squirrel
  serializedVersion: 2
  m_AnimatorParameters:
  - m_Name: Enter
    m_Type: 4
    m_DefaultFloat: 0
    m_DefaultInt: 0
    m_DefaultBool: 0
    m_Controller: {fileID: 9100000}
  m_AnimatorLayers:
  - serializedVersion: 3
    m_Name: Base Layer
    m_StateMachine: {fileID: 110700000}
    m_Mask: {fileID: 0}
    m_BlendingMode: 0
    m_SyncedLayerIndex: -1
    m_StateMachineMotionSetIndex: 0
    m_DefaultWeight: 0
    m_IKPass: 0
    m_SyncedLayerAffectsTiming: 0
    m_Controller: {fileID: 9100000}
  - serializedVersion: 3
    m_Name: Copter
    m_StateMachine: {fileID: 110744998}
    m_Mask: {fileID: 0}
    m_BlendingMode: 0
    m_SyncedLayerIndex: -1
    m_StateMachineMotionSetIndex: 0
    m_DefaultWeight: 0
    m_IKPass: 0
    m_SyncedLayerAffectsTiming: 0
    m_Controller: {fileID: 9100000}
--- !u!1101 &110101257
Transition:
  m_ObjectHideFlags: 3
  m_PrefabParentObject: {fileID: 0}
  m_PrefabInternal: {fileID: 0}
  m_Name: 
  m_SrcState: {fileID: 110200000}
  m_DstState: {fileID: 110296034}
  m_TransitionDuration: .25
  m_TransitionOffset: 0
  m_Conditions:
  - m_ConditionMode: 1
    m_ConditionEvent: Enter
    m_EventTreshold: 0
    m_ExitTime: .75
  m_Atomic: 1
  m_Solo: 0
  m_Mute: 0
--- !u!1101 &110126066
Transition:
  m_ObjectHideFlags: 3
  m_PrefabParentObject: {fileID: 0}
  m_PrefabInternal: {fileID: 0}
  m_Name: 
  m_SrcState: {fileID: 110233786}
  m_DstState: {fileID: 110296034}
  m_TransitionDuration: .821838439
  m_TransitionOffset: 0
  m_Conditions:
  - m_ConditionMode: 5
    m_ConditionEvent: 
    m_EventTreshold: 0
    m_ExitTime: .160919532
  m_Atomic: 1
  m_Solo: 0
  m_Mute: 0
--- !u!1101 &110138199
Transition:
  m_ObjectHideFlags: 3
  m_PrefabParentObject: {fileID: 0}
  m_PrefabInternal: {fileID: 0}
  m_Name: 
  m_SrcState: {fileID: 110233786}
  m_DstState: {fileID: 110233786}
  m_TransitionDuration: .833333313
  m_TransitionOffset: 0
  m_Conditions:
  - m_ConditionMode: 5
    m_ConditionEvent: 
    m_EventTreshold: 0
    m_ExitTime: .166666687
  m_Atomic: 1
  m_Solo: 0
  m_Mute: 0
--- !u!1101 &110160057
Transition:
  m_ObjectHideFlags: 3
  m_PrefabParentObject: {fileID: 0}
  m_PrefabInternal: {fileID: 0}
  m_Name: 
  m_SrcState: {fileID: 110296034}
  m_DstState: {fileID: 110200000}
  m_TransitionDuration: .078125
  m_TransitionOffset: 0
  m_Conditions:
  - m_ConditionMode: 5
    m_ConditionEvent: Enter
    m_EventTreshold: 0
    m_ExitTime: .920000017
  m_Atomic: 1
  m_Solo: 0
  m_Mute: 0
--- !u!1102 &110200000
State:
  m_ObjectHideFlags: 3
  m_PrefabParentObject: {fileID: 0}
  m_PrefabInternal: {fileID: 0}
  m_Name: Squirrel_Hold
  m_Speed: 1
  m_CycleOffset: 0
  m_Motions:
  - {fileID: 7400000, guid: 6d2c92bea4554498eb285b07b7d1ec8d, type: 2}
  m_ParentStateMachine: {fileID: 110700000}
  m_Position: {x: 180, y: 24, z: 0}
  m_IKOnFeet: 0
  m_Mirror: 0
  m_Tag: 
--- !u!1102 &110216234
State:
  m_ObjectHideFlags: 3
  m_PrefabParentObject: {fileID: 0}
  m_PrefabInternal: {fileID: 0}
  m_Name: Squirrel_Exit
  m_Speed: 1
  m_CycleOffset: 0
  m_Motions:
  - {fileID: 7400000, guid: bc42f0d86b85c460e9750125f319c08a, type: 2}
  m_ParentStateMachine: {fileID: 110700000}
  m_Position: {x: 336, y: -60, z: 0}
  m_IKOnFeet: 0
  m_Mirror: 0
  m_Tag: 
--- !u!1102 &110233786
State:
  m_ObjectHideFlags: 3
  m_PrefabParentObject: {fileID: 0}
  m_PrefabInternal: {fileID: 0}
  m_Name: Squirrel_Enter
  m_Speed: 1
  m_CycleOffset: 0
  m_Motions:
  - {fileID: 7400000, guid: 96b91260c9b1440ffaf8bfee55f7125a, type: 2}
  m_ParentStateMachine: {fileID: 110700000}
  m_Position: {x: 312, y: 108, z: 0}
  m_IKOnFeet: 0
  m_Mirror: 0
  m_Tag: 
--- !u!1102 &110244045
State:
  m_ObjectHideFlags: 3
  m_PrefabParentObject: {fileID: 0}
  m_PrefabInternal: {fileID: 0}
  m_Name: Squirrel_Idle
  m_Speed: 1
  m_CycleOffset: 0
  m_Motions:
  - {fileID: 7400000, guid: 56c1a716fd0534ae3a12b4e817a17a21, type: 2}
  m_ParentStateMachine: {fileID: 110744998}
  m_Position: {x: 96, y: 0, z: 0}
  m_IKOnFeet: 0
  m_Mirror: 0
  m_Tag: 
--- !u!1102 &110296034
State:
  m_ObjectHideFlags: 3
  m_PrefabParentObject: {fileID: 0}
  m_PrefabInternal: {fileID: 0}
  m_Name: Squirrel_Fire
  m_Speed: 1
  m_CycleOffset: 0
  m_Motions:
  - {fileID: 7400000, guid: 10f3a48128ebc4ba78b282259cecc489, type: 2}
  m_ParentStateMachine: {fileID: 110700000}
  m_Position: {x: 432, y: 24, z: 0}
  m_IKOnFeet: 0
  m_Mirror: 0
  m_Tag: 
--- !u!1107 &110700000
StateMachine:
  serializedVersion: 2
  m_ObjectHideFlags: 3
  m_PrefabParentObject: {fileID: 0}
  m_PrefabInternal: {fileID: 0}
  m_Name: Base Layer
  m_DefaultState: {fileID: 110200000}
  m_States:
  - {fileID: 110296034}
  - {fileID: 110233786}
  - {fileID: 110200000}
  - {fileID: 110216234}
  m_ChildStateMachine: []
  m_ChildStateMachinePosition: []
  m_OrderedTransitions:
    data:
      first: {fileID: 110216234}
      second: []
    data:
      first: {fileID: 110200000}
      second:
      - {fileID: 110101257}
    data:
      first: {fileID: 110233786}
      second:
      - {fileID: 110126066}
    data:
      first: {fileID: 0}
      second: []
    data:
      first: {fileID: 110296034}
      second:
      - {fileID: 110160057}
  m_MotionSetCount: 1
  m_AnyStatePosition: {x: 84, y: 96, z: 0}
  m_ParentStateMachinePosition: {x: 800, y: 20, z: 0}
--- !u!1107 &110744998
StateMachine:
  serializedVersion: 2
  m_ObjectHideFlags: 3
  m_PrefabParentObject: {fileID: 0}
  m_PrefabInternal: {fileID: 0}
  m_Name: Copter
  m_DefaultState: {fileID: 110244045}
  m_States:
  - {fileID: 110244045}
  m_ChildStateMachine: []
  m_ChildStateMachinePosition: []
  m_OrderedTransitions:
    data:
      first: {fileID: 110244045}
      second: []
  m_MotionSetCount: 1
  m_AnyStatePosition: {x: 0, y: 72, z: 0}
  m_ParentStateMachinePosition: {x: 800, y: 20, z: 0}
